@techreport{rdc,
    author = {Teodosiu, D.  and Bjorner, N.  and Gurevich, Y.  and Manasse, M.  and Porkka, J. },
    howpublished = {Technical Report TR2006-157-1},
    institution = {Microsoft Corporation},
    posted-at = {2008-09-19 12:04:50},
    priority = {2},
    title = {Optimizing file replication over limited bandwidth networks using remote differential compression},
    year = {2006}
}

@inproceedings{difference-engine,
    author = {Gupta, Diwaker   and Lee, Sangmin   and Vrable, Michael   and Savage, Stefan   and Snoeren, Alex  C.  and Varghese, George   and Voelker, Geoffrey  M.  and Vahdat, Amin  },
    booktitle = {8th USENIX Symposium on Operating System Design and Implementation (OSDI 2008)},
    citeulike-article-id = {3801875},
    keywords = {apad, difference, diwaker, engine, gupta, memory, osdi08, pvdma, xen},
    location = {San Diego, CA, USA},
    month = {December},
    organization = {USENIX},
    posted-at = {2008-12-17 16:38:14},
    priority = {2},
    title = {Difference Engine: Harnessing Memory Redundancy in Virtual Machines},
    url = {http://www.cs.ucsd.edu/\~{}dgupta/papers/osdi08-de.pdf},
    year = {2008}
}

@techreport{rsync,
    author = {Andrew Tridgell and Peter Mackeras},
    title = {The Rsync algorithm},
    year = {1998},
    howpublished = {Technical Report},
    institution = {Australian National University}
}

@INPROCEEDINGS{improvedfile,
    author = {Torsten Suel and Patrick Noel and Dimitre Trendafilov},
    title = {Improved File Synchronization Techniques for Maintaining Large Replicated Collections Over Slow Networks},
    booktitle = {In Proc. of the Int. Conf. on Data Engineering},
    year = {2004},
    pages = {153--164}
}

@article{rabin,
 author = {Karp,, Richard M. and Rabin,, Michael O.},
 title = {Efficient randomized pattern-matching algorithms},
 journal = {IBM J. Res. Dev.},
 volume = {31},
 number = {2},
 year = {1987},
 issn = {0018-8646},
 pages = {249--260},
 publisher = {IBM Corp.},
 address = {Riverton, NJ, USA},
 }

@ARTICLE{biosequence,
    author = {Toshiko Matsumoto and Kunihiko Sadakane Hiroshi Imai},
    title = {Biological sequence compression algorithms},
    journal = {Genome Informatics},
    year = {2000},
    volume = {11},
    pages = {43--52}
}

@url{memcached,
	Title = {memcached.  http://www.danga.com/memcached}}

@inproceedings{statistical,
 author = {Duc Cao,, Minh and Dix,, Trevor I. and Allison,, Lloyd and Mears,, Chris},
 title = {A Simple Statistical Algorithm for Biological Sequence Compression},
 booktitle = {DCC '07: Proceedings of the 2007 Data Compression Conference},
 year = {2007},
 isbn = {0-7695-2791-4},
 pages = {43--52},
 doi = {http://dx.doi.org/10.1109/DCC.2007.7},
 publisher = {IEEE Computer Society},
 address = {Washington, DC, USA},
 }

@url{ab,
    Title = {The Drive for the 1000 Dollar Genome. \\
        http://www.bio-itworld.com/issues/2007/may/cover-story/}}

@url{genbank,
    Title = {GenBank. http://www.ncbi.nlm.nih.gov/Genbank}}

@url{jailtime,
    Title = {Jailtime.org. http://www.jailtime.org}}

@url{fuse,
    Title = {Filesystem in Userspace. http://fuse.sourceforge.net}}

@InProceedings{snowflock,
author = "H. Andres Lagar-Cavilla and Joseph Whitney and Adin Scannell and Philip Patchin and Stephen M. Rumble and Eyal de Lara and Michael Brudno and M. Satyanarayanan ",
title = "SnowFlock: Rapid Virtual Machine Cloning for Cloud Computing",
booktitle = "Third European Conference on Computer Systems (Eurosys 2009)",
address = "Nuremberg, Germany",
month = "April",
year = "2009",
pages = "",
}

@inproceedings{berkeleydb,
 author = {Olson,, Michael A. and Bostic,, Keith and Seltzer,, Margo},
 title = {Berkeley DB},
 booktitle = {ATEC '99: Proceedings of the annual conference on USENIX Annual Technical Conference},
 year = {1999},
 pages = {43--43},
 location = {Monterey, California},
 publisher = {USENIX Association},
 address = {Berkeley, CA, USA},
}
